<?xml version="1.0" encoding="UTF-8"?><collection xmlns="http://www.loc.gov/MARC21/slim"><record><leader>00587nam--2200205-u-4500</leader><controlfield tag="001">000055302</controlfield><controlfield tag="002">20161230</controlfield><controlfield tag="005">20161230201052</controlfield><controlfield tag="008">121211s1000------------r-----000-0-rus-d</controlfield><datafield ind1=" " ind2=" " tag="040"><subfield code="a">IFIN-HH</subfield></datafield><datafield ind1=" " ind2=" " tag="041"><subfield code="a">rus</subfield></datafield><datafield ind1=" " ind2=" " tag="080"><subfield code="a">539.213.2</subfield></datafield><datafield ind1="1" ind2=" " tag="100"><subfield code="a">Mott, N.F</subfield></datafield><datafield ind1="1" ind2="0" tag="245"><subfield code="a">Elektronnie protessi v nekristalliceskih vesestvah</subfield><subfield code="c">N.f. mott, e.a. davis</subfield></datafield><datafield ind1=" " ind2=" " tag="260"><subfield code="a">Msoskva</subfield><subfield code="b">Mir</subfield><subfield code="c">1974</subfield></datafield><datafield ind1=" " ind2=" " tag="300"><subfield code="a">472P</subfield></datafield><datafield ind1=" " ind2=" " tag="500"><subfield code="a">Titlul Original In Limba Engleza: Electronic Processes In Non-crystalline Materials</subfield></datafield><datafield ind1="1" ind2=" " tag="700"><subfield code="a">Davis, E.A</subfield></datafield><datafield ind1=" " ind2=" " tag="852"><subfield code="a">77360</subfield><subfield code="c">539.217</subfield></datafield><datafield ind1=" " ind2=" " tag="CAT"><subfield code="a">Sys</subfield><subfield code="c">20121211</subfield><subfield code="h">104159</subfield></datafield></record></collection>